@article{wolpert1998internal,
	title={Internal models in the cerebellum},
	author={Wolpert, Daniel M and Miall, R Chris and Kawato, Mitsuo},
	journal={Trends in cognitive sciences},
	volume={2},
	number={9},
	pages={338--347},
	year={1998},
	publisher={Elsevier}
}
@article{huang2013convergence,
	title={Convergence of pontine and proprioceptive streams onto multimodal cerebellar granule cells},
	author={Huang, Cheng-Chiu and Sugino, Ken and Shima, Yasuyuki and Guo, Caiying and Bai, Suxia and Mensh, Brett D and Nelson, Sacha B and Hantman, Adam W},
	journal={Elife},
	volume={2},
	pages={e00400},
	year={2013},
	publisher={eLife Sciences Publications Limited}
}
@article{frontera2020bidirectional,
	title={Bidirectional control of fear memories by cerebellar neurons projecting to the ventrolateral periaqueductal grey},
	author={Frontera, Jimena Laura and Aissa, Hind Baba and Sala, Romain William and Mailhes-Hamon, Caroline and Georgescu, Ioana Antoaneta and L{\'e}na, Cl{\'e}ment and Popa, Daniela},
	journal={Nature communications},
	volume={11},
	number={1},
	pages={1--17},
	year={2020},
	publisher={Nature Publishing Group}
}
@article{person2012synchrony,
	title={Synchrony and neural coding in cerebellar circuits},
	author={Person, Abigail L and Raman, Indira M},
	journal={Frontiers in neural circuits},
	volume={6},
	pages={97},
	year={2012},
	publisher={Frontiers}
}
@book{gu2013smoothing,
	title={Smoothing spline ANOVA models},
	author={Gu, Chong},
	volume={297},
	year={2013},
	publisher={Springer Science \& Business Media}
}
@article{pouzat2009automatic,
	title={Automatic spike train analysis and report generation. An implementation with R, R2HTML and STAR},
	author={Pouzat, Christophe and Chaffiol, Antoine},
	journal={Journal of neuroscience methods},
	volume={181},
	number={1},
	pages={119--144},
	year={2009},
	publisher={Elsevier}
}
@article{brillinger1988maximum,
	title={Maximum likelihood analysis of spike trains of interacting nerve cells},
	author={Brillinger, David R},
	journal={Biological cybernetics},
	volume={59},
	number={3},
	pages={189--200},
	year={1988},
	publisher={Springer}
}
@book{wahba1990spline,
	title={Spline models for observational data},
	author={Wahba, Grace},
	year={1990},
	publisher={SIAM}
}
@article{ogata1988statistical,
	title={Statistical models for earthquake occurrences and residual analysis for point processes},
	author={Ogata, Yosihiko},
	journal={Journal of the American Statistical association},
	volume={83},
	number={401},
	pages={9--27},
	year={1988},
	publisher={Taylor \& Francis}
}
@article{wahba1983bayesian,
	title={Bayesian “confidence intervals” for the cross-validated smoothing spline},
	author={Wahba, Grace},
	journal={Journal of the Royal Statistical Society: Series B (Methodological)},
	volume={45},
	number={1},
	pages={133--150},
	year={1983},
	publisher={Wiley Online Library}
}
@article{gu2014smoothing,
	title={Smoothing spline ANOVA models: R package gss},
	author={Gu, Chong and others},
	journal={Journal of Statistical Software},
	volume={58},
	number={5},
	pages={1--25},
	year={2014},
	publisher={Foundation for Open Access Statistics}
}
@article{bezanson2012julia,
	title={Julia: A fast dynamic language for technical computing},
	author={Bezanson, Jeff and Karpinski, Stefan and Shah, Viral B and Edelman, Alan},
	journal={arXiv preprint arXiv:1209.5145},
	year={2012}
}
@article{han2018ephaptic,
	title={Ephaptic coupling promotes synchronous firing of cerebellar purkinje cells},
	author={Han, Kyung-Seok and Guo, Chong and Chen, Christopher H and Witter, Laurens and Osorno, Tomas and Regehr, Wade G},
	journal={Neuron},
	volume={100},
	number={3},
	pages={564--578},
	year={2018},
	publisher={Elsevier}
}
@article{de2008high,
	title={High-frequency organization and synchrony of activity in the purkinje cell layer of the cerebellum},
	author={de Solages, Camille and Szapiro, German and Brunel, Nicolas and Hakim, Vincent and Isope, Philippe and Buisseret, Pierre and Rousseau, Charly and Barbour, Boris and L{\'e}na, Cl{\'e}ment},
	journal={Neuron},
	volume={58},
	number={5},
	pages={775--788},
	year={2008},
	publisher={Elsevier}
}
@article{mckenna1999complete,
	title={Complete compensation in skilled reaching success with associated impairments in limb synergies, after dorsal column lesion in the rat},
	author={McKenna, John E and Whishaw, Ian Q},
	journal={Journal of Neuroscience},
	volume={19},
	number={5},
	pages={1885--1894},
	year={1999},
	publisher={Soc Neuroscience}
}

