@article{wolpert1998internal,
  title={Internal models in the cerebellum},
  author={Wolpert, Daniel M and Miall, R Chris and Kawato, Mitsuo},
  journal={Trends in cognitive sciences},
  volume={2},
  number={9},
  pages={338--347},
  year={1998},
  publisher={Elsevier}
}
@article{churchland2012neural,
  title={Neural population dynamics during reaching},
  author={Churchland, Mark M and Cunningham, John P and Kaufman, Matthew T and Foster, Justin D and Nuyujukian, Paul and Ryu, Stephen I and Shenoy, Krishna V},
  journal={Nature},
  volume={487},
  number={7405},
  pages={51--56},
  year={2012},
  publisher={Nature Publishing Group}
}
@article{casellato2014adaptive,
  title={Adaptive robotic control driven by a versatile spiking cerebellar network},
  author={Casellato, Claudia and Antonietti, Alberto and Garrido, Jesus A and Carrillo, Richard R and Luque, Niceto R and Ros, Eduardo and Pedrocchi, Alessandra and D'Angelo, Egidio},
  journal={PLoS one},
  volume={9},
  number={11},
  pages={e112265},
  year={2014},
  publisher={Public Library of Science}
}
@article{hassabis2017neuroscience,
  title={Neuroscience-inspired artificial intelligence},
  author={Hassabis, Demis and Kumaran, Dharshan and Summerfield, Christopher and Botvinick, Matthew},
  journal={Neuron},
  volume={95},
  number={2},
  pages={245--258},
  year={2017},
  publisher={Elsevier}
}
@inproceedings{byron2009gaussian,
  title={Gaussian-process factor analysis for low-dimensional single-trial analysis of neural population activity},
  author={Byron, M Yu and Cunningham, John P and Santhanam, Gopal and Ryu, Stephen I and Shenoy, Krishna V and Sahani, Maneesh},
  booktitle={Advances in neural information processing systems},
  pages={1881--1888},
  year={2009}
}
@article{luttinen2009variational,
  title={Variational Gaussian-process factor analysis for modeling spatio-temporal data},
  author={Luttinen, Jaakko and Ilin, Alexander},
  journal={Advances in neural information processing systems},
  volume={22},
  pages={1177--1185},
  year={2009}
}
@article{sussillo2016lfads,
  title={Lfads-latent factor analysis via dynamical systems},
  author={Sussillo, David and Jozefowicz, Rafal and Abbott, LF and Pandarinath, Chethan},
  journal={arXiv preprint arXiv:1608.06315},
  year={2016}
}
@article{cunningham2014dimensionality,
  title={Dimensionality reduction for large-scale neural recordings},
  author={Cunningham, John P and Byron, M Yu},
  journal={Nature neuroscience},
  volume={17},
  number={11},
  pages={1500--1509},
  year={2014},
  publisher={Nature Publishing Group}
}
@conference{elephant18,
    author = {Denker, M. and Yegenoglu, A. and Gr√ºn, S.},
    booktitle = {Neuroinformatics 2018},
    title = {{C}ollaborative {HPC}-enabled workflows on the {HBP} {C}ollaboratory using the {E}lephant framework},
    pages = {P19},
    year = {2018},
    doi = {10.12751/incf.ni2018.0019},
    url = {https://abstracts.g-node.org/conference/NI2018/abstracts#/uuid/023bec4e-0c35-4563-81ce-2c6fac282abd},
}
@article{becker2019cerebellar,
  title={Cerebellar control of reach kinematics for endpoint precision},
  author={Becker, Matthew I and Person, Abigail L},
  journal={Neuron},
  volume={103},
  number={2},
  pages={335--348},
  year={2019},
  publisher={Elsevier}
}

